%Læs her hvordan man fixer det http://en.wikibooks.org/wiki/LaTeX/Bibliography_Management
%Husk tilgået

@Book{MVC,
    author    = "Jacob Nordfalk",
    title = "Videregående programmering i Java - kapitel 19",
    publisher = "Forlaget Globe",
    year      = "2003",
    isbn      = "9788779001954",
}

@Book{BOOK_KVALE,
  author =       "Steinar Kvale",
  title =        "Interview - introduktion til et håndværk",
  publisher =    "Hans Reitzels Forlag",
  year =         "2009",
  isbn =         "9788741251981",
}

@misc{AnalyseDanmark,
    author    = "Analyse Danmark",
    title     = "Metodetriangulering",
    Seen      = "13-10-2013",
    howpublished={\url{http://www.analysedanmark.dk/metodetriangulering}}
}

@misc{staerkstroemsbekendelse,
    author    = "Retsinformation",
    title     = "Stærkstrømsbekendtgørelsen, afsnit 6 - Elektriske installationer",
    Seen      = "13-12-2013",
    howpublished={\url{https://www.retsinformation.dk/Forms/R0710.aspx?id=25862}}
}

@misc{Houseworklate19th,
    author    = "Steven Mintz",
    title     = "Housework in Late 19th Century America",
    Seen      = "13-12-2013",
    howpublished={\url{http://www.digitalhistory.uh.edu/historyonline/housework.cfm}}
}

@misc{GodeElvaner,
    author              = "Dansk Energi",
    title               = "Gode elvaner - Vejen til en lavere elregning",
    Seen                = "06-12-2013",
    howpublished        ={\url{http://www.nrgi.dk/media/77076/Gode_elvaner.pdf}}
}

@misc{Kammertjener,
    author    = "",
    title     = "En bolig med kammertjener",
    Seen      = "05-12-2013",
    howpublished={\url{http://www.rudersdal.dk/Kommunen/Nyheder/2013/En_bolig_med_kammertjener.aspx}}
}

@misc{FirstSpellChecker,
    author    = "Youssef Bassil",
    title     = "Parallel Spell-Checking",
    Seen      = "02-12-2013",
    howpublished={\url{http://arxiv.org/ftp/arxiv/papers/1204/1204.0184.pdf}}
}

@misc{VoiceSteps,
    author    = "Newnes",
    title     = "Practical Machinery Vibration Analysis and Predictive Maintenance",
    Seen      = "08-12-2013",
    howpublished={\url{http://www.asiri.net/courses/meng472/download/Practical_Machinery_Vibration_Analysis_and_Predictive_Maintenance.pdf}}
}

@Book{Autocorrelation,
  author =       "Patrick F. Dunn",
  title =        "Measurement and Data Analysis for Engineering and Science. 2nd Edition",
  publisher =    "CRC Press",
  year =         "2010",
  isbn =         "978-1-4398-2568-6"
}

@misc{VoiceProject,
    author    = "David Wagner",
    title     = "A Speech Recognition Project",
    Seen      = "01-12-2013",
    howpublished={\url{http://www.cs.dartmouth.edu/~dwagn/aiproj/speech.html}}
}

@misc{Stemme,
    author    = "Den Danske Ordbog",
    title     = "Stemmen",
    Seen      = "08-12-2013",
    howpublished={\url{http://www.denstoredanske.dk/Sprog,_religion_og_filosofi/Sprog/Sprogvidenskab,_overbegreber/stemme}}
}

@misc{Cubus,
    author    = "Cubus",
    title     = "Glødepærens introduktion",
    Seen      = "17-11-2013",
    howpublished={\url{http://cubus-adsl.dk/elteknik../historien/edison.php/}}
}

@misc{Elhistorie,
    author    = "Folkecenter",
    title     = "Elektroniske gennembrud",
    Seen      = "17-11-2013",
    howpublished={\url{http://www.folkecenter.dk/dk/dokumentation/dk_elhistorie/}}
}

@misc{EditDistance,
    author    = "Peter Norvig",
    title     = "How to Write a Spelling corrector",
    Seen      = "27-11-2013",
    howpublished={\url{http://norvig.com/spell-correct.html}
}

@misc{UnifiedSpellCheck,
    author    = "Hsuan Lorraine Liang",
    title     = "Spell Chekkers and Correctors: A unified Treatment",
    Seen      = "27-11-2013",
    howpublished={\url{http://upetd.up.ac.za/thesis/available/etd-06252009-163007/unrestricted/dissertation.pdf}
}

@misc{Industriel,
    author    = "Den Store Danske",
    title     = "Industriel revolution",
    Seen      = "17-11-2013",
    howpublished={\url{http://www.denstoredanske.dk/Kunst_og_kultur/Arkitektur/Arkitektur_og_bygningskunst/industribyggeri/industribyggeri_\%28Den_industrielle_revolution\%29}}
}

@misc{SiriUsage,
    author    = "t3n.de",
    title     = "Siri Infografik",
    Seen      = "07-11-2013",
    howpublished={\url{http://t3n.de/news/siri-apples-digitaler-assistent-389818/siri-3/}}
}

@misc{ZensehomeKunder,
    author    = "SW-B2-24",
    title     = "Zensehome interview",
    Seen      = "15-10-2013"
} %noget mere materiale på den her. Det kan ikke være plagiat da det er vores egen kilde men det er sjusket.

@misc{IDCIphone,
    author    = "IDC Analyze the Future",
    title     = "Press Release",
    Seen      = "07-11-2013",
    howpublished={\url{http://www.idc.com/getdoc.jsp?containerId=prUK24197413}}
}

@misc{FigurEksempel,
    author    = "B2-24",
    title     = "Figur Eksempel"
}

@misc{DDOfonem,
    author    = "Den Danske Ordbog",
    title     = "Fonem",
    Seen      = "07-11-2013",
    howpublished={\url{http://ordnet.dk/ddo/ordbog?query=fonemer&search=S\%C3\%B8g}}
}

@misc{DDOmorfologi,
    author    = "Den Danske Ordbog",
    title     = "Morfologi",
    Seen      = "03-12-2013",
    howpublished={\url{http://www.denstoredanske.dk/Sprog,_religion_og_filosofi/Sprog/Morfologi_og_syntaks/morfologi}}
}

@misc{DDOintrikate,
    author    = "Den Danske Ordbog",
    title     = "Intrikate",
    Seen      = "07-11-2013",
    howpublished={\url{http://ordnet.dk/ddo/ordbog?query=intrikate&search=S\%C3\%B8g}}
}

@misc{DDOdechifrere,
    author    = "Den Danske Ordbog",
    title     = "Dechifrere",
    Seen      = "07-11-2013",
    howpublished={\url{http://ordnet.dk/ddo/ordbog?query=dechifrere&search=S\%C3\%B8g}}
}

@misc{AutomationORDNET,
    author    = "Ordnet.dk",
    title     = "Automatik",
    Seen      = "06-11-2013",
    howpublished={\url{http://ordnet.dk/ddo/ordbog?aselect=automatik&query=automation}}
}

@misc{surveymonkeyprice,
    author    = "Surveymonkey",
    title     = "Kontotyper og priser",
    Seen      = "06-11-2013",
    howpublished = {\url{https://da.surveymonkey.com/pricing/?ut_source=header}}
}

@misc{SpeechGUIDE,
    author    = "N/A",
    title     = "Ultimate Guide to Speech Recognition",
    Seen      = "04-11-2013",
    howpublished={\url{http://www.accuconference.com/resources/speech-recognition.aspx}}
}

@misc{SpeechMIT,
    author    = "Frederick Jelinek",
    title     = "Statistical Methods for Speech Recognition",
    Seen      = "04-11-2013",
    howpublished={\url{http://www.google.dk/books?hl=da&lr=&id=1C9dzcJTWowC&oi=fnd&pg=PR19&dq=Statistical+Methods+for+Speech+Recognition&ots=meZUCGsZeT&sig=p1igRrjSd2_ZxOak7tgqWDB9gPQ&redir_esc=y#v=onepage&q=Statistical\%20Methods\%20for\%20Speech\%20Recognition&f=false}}
}

@misc{SiriFeatures,
    title     = "Siri. Your wish is it's command",
    Seen      = "14-11-2013",
    howpublished={\url{http://www.apple.com/ios/siri/}}
}

@misc{SpeechSamsung,
    author    = "N/A",
    title     = "S Recommendation with Voice Interaction",
    Seen      = "05-11-2013",
    howpublished={\url{http://www.samsung.com/global/microsite/tv/2013_vi/voice_interaction.html}}
}

@misc{SpeechHowStuffWorks,
    author    = "Ed Grabianowski",
    title     = "How Speech Recognition Works",
    Seen      = "04-11-2013",
    howpublished={\url{http://electronics.howstuffworks.com/gadgets/high-tech-gadgets/speech-recognition.htm}}
}

@misc{RecentIceages,
    author    = "N/A",
    title     = "Temperature past 42.000 years",
    Seen      = "04-11-2013",
    howpublished={\url{http://iceagenow.info/wp-content/uploads/2011/10/Temperature_Interglacials.gif}}
}

@misc{robotstovsuger,
    author    = "dr.dk",
    title     = "Ok at udskifte hjemmehjælp med robotstøvsuger",
    seen = "04-11-2013",
    howpublished = {\url{http://www.dr.dk/Nyheder/Indland/2012/03/09/090256.htm}}
}

@Book{EssenceAnthroplogy,
  author =       "McBride B, Haviland WE, Prins HEL, Walrath D",
  title =        "Handbook of Mathematical Functions with
                  Formulas, Graphs, and Mathematical Tables p. 90",
  publisher =    "Belmont, CA: Wadsworth Publishing",
  year =         2009,
  isbn =         "978-0-495-59981-4"
}

@Book{KommunikationItA,
  author =       "Birthe Fog, Caroline Vogelius Wiener, Henriette Lungholt",
  title =        "Kommunikation/it A",
  publisher =    "Systime",
  year =         2012,
  isbn =         "978-87-616-3222-7"
}

@Book{ComputationTheory,
  author =       "Michael Sipser",
  title =        "Introduction to the Theory of Computation, Second Edition, International Edition",
  publisher =    "Thomson Course Technology",
  year =         2006,
  isbn =         "0-619-21764-2"
}

@article{HumanOrigen,
    author  = "Hillary Mayell",
    title   = "When Did Modern Behavior Emerge in Humans?",
    year    = "2003",
    journal = "National Geopgraphic",
    pages   = "1-2"
}

@article{BellLabsAudrey,
    author  = "K.H. Davis, R. Biddulph, S. Balashek",
    title   = "Automatic recognition of spoken digits",
    year    = "1952",
    journal = "Journal of the Acoustical Society of America",
    pages   = "637-642"
}

@misc{VandRom,
    author  = "Roger D. Hansen",
    title   = "Water and wastewater systems in Imperial Rome?",
    Seen    = "06-11-2013",
    howpublished={\url{http://www.waterhistory.org/histories/rome/t1.html}}
}

@misc{ElektricitetHistorie,
    author  = "Marry Bellis",
    title   = "History of electricity?",
    Seen    = "06-11-2013",
    howpublished={\url{http://inventors.about.com/cs/inventorsalphabet/a/electricity_5.htm}}
}

@article{Moore'sLaw,
    author    = "Gordon E. Moore",
    title     = "Cramming more components onto integrated circuits",
    journal   = "Electronics Magazine",
    year      = "1965",
    howpublished = {\url{http://www.cs.utexas.edu/~fussell/courses/cs352h/papers/moore.pdf}}
}

@article{Int-virksomheder,
    author    = "Kirsten Gregers Jørgensen",
    title     = "Pick-by-voice vinder frem i små virksomheder",
    journal   = "Erhversmagasinet",
    year      = "2008",
    howpublished = {\url{http://www.scm.dk/pick-voice-vinder-frem-i-sm\%C3\%A5-virksomheder}}
}

@misc{IHCForum,
    author    = "Foru brugere",
    title     = "Ihc Wireless Problemer (Crash)",
    journal   = "Ihc-user.dk",
    year      = "2013",
    howpublished = {\url{http://www.ihc-user.dk/forum/topic/3326-ihc-wireless-problemer-crash/}}
}

@misc{staerkstroemsbekaendtgoerelse,
    author    = "N/A",
    title     = "Stærkstrømsbekendtgørelsen",
    Seen      = "20-11-2013",
    howpublished={\url{https://www.retsinformation.dk/Forms/R0710.aspx?id=25862}}
}
    %seen%    = "03-11-2013",

    
%\noindent[1]\url{http://news.nationalgeographic.com/news/2003/02/0220_030220_humanorigins2.html}. Set 04-11-2013. Artikel om menneskets oprindelse og udvandring fra afrika. Af Hillary Mayell For National Geographic News, February 20, 2003.\\
%\noindent[2];.\url{http://iceagenow.info/wp-content/uploads/2011/10/Temperature_Interglacials.gif}. Set 04-11-2013. Graf over temperaturstigninger og fald de sidste 50.000 år.

%\cite{RecentIceages}
%{\bf{Indledning}\\
%[1]McBride B, Haviland WE, Prins HEL, Walrath D (2009). The Essence of Anthropology. Belmont, CA: Wadsworth Publishing. p. 90. ISBN 978-0-495-59981-4.\\\\
%[2]Companion encyclopedia of archaeology. Vol. 2. Page 763 (cf., ... "effectively limited to organic samples" [ed. organic compounds ] "or biogenic carbonates that date to less than 50 ka (50,000 years ago).")\\\\
%[3]http://iceagenow.info/wp-content/uploads/2011/10/Temperature_Interglacials.gif 03-11-2013
%Temperaturforandringer de sidste 500.000 år.\\\\}